<?xml version="1.0" encoding="UTF-8"?><collection xmlns="http://www.loc.gov/MARC21/slim"><record><leader>00380nam--2200133-i-4500</leader><controlfield tag="001">000045634</controlfield><controlfield tag="002">20161230</controlfield><controlfield tag="005">20161230201045</controlfield><controlfield tag="008">060222s1000------------r-----000-0-eng-d</controlfield><datafield ind1=" " ind2=" " tag="080"><subfield code="a">541.64:678.01</subfield></datafield><datafield ind1=" " ind2=" " tag="100"><subfield code="a">Uglea, Constantin V</subfield></datafield><datafield ind1=" " ind2=" " tag="245"><subfield code="a">Caracterizarea compusilor macromoleculari. fractionarea. seria polimeri</subfield></datafield><datafield ind1=" " ind2=" " tag="260"><subfield code="a">Bucuresti, Editura Tehnica, 1983, 275p</subfield></datafield><datafield ind1=" " ind2=" " tag="852"><subfield code="a">70802</subfield></datafield></record></collection>